

@misc{ibm, title={What is software development?}, url={https://www.ibm.com/topics/software-development}, journal={IBM}}


@misc{wisdomjobs, title={Criteria for the Success of a Software Project in Testing Tools Tutorial 22 February 2020 - Learn Criteria for the Success of a Software Project in Testing Tools Tutorial (14402): Wisdom Jobs India}, url={https://www.wisdomjobs.com/e-university/testing-tools-tutorial-239/criteriafor-the-success-of-a-software-project-14402.html}, journal={Wisdom Jobs}}


@misc{roberthalf_2019, title={6 basic SDLC methodologies: Which one is best?}, url={https://www.roberthalf.com.au/blog/employers/6-basic-sdlc-methodologies-which-one-best}, journal={Robert Half}, author={Robert Half}, year={2019}, month={Dec}}


@misc{tutorialspoint, title={SDLC - Waterfall Model}, url={https://www.tutorialspoint.com/sdlc/sdlc_waterfall_model.htm}, journal={Tutorialspoint}}

@misc{tutorialspointvs, title={SDLC - V-Model}, url={https://www.tutorialspoint.com/sdlc/sdlc_v_model.htm}, journal={Tutorialspoint}}

@misc{tutorialspointsp, title={SDLC - Spiral Model}, url={https://www.tutorialspoint.com/sdlc/sdlc_spiral_model.htm}, journal={Tutorialspoint}}


@misc{poccia1970, title={Agile Development for Serverless Platforms}, url={https://itbook.store/books/9781617294983}, journal={ITBook.store}, publisher={Manning}, author={Poccia, Danilo}, year={1970}, month={Jan}}